@article{PachT97,
  author    = {J{\'{a}}nos Pach and
               G{\'{e}}za T{\'{o}}th},
  title     = {Graphs Drawn with Few Crossings per Edge},
  journal   = {Combinatorica}, 
  volume    = {17},
  number    = {3},
  pages     = {427--439},
  year      = {1997},
  url       = {http://dx.doi.org/10.1007/BF01215922},
  doi       = {10.1007/BF01215922},
  timestamp = {Fri, 20 May 2011 14:40:15 +0200},
  biburl    = {http://dblp.uni-trier.de/rec/bib/journals/combinatorica/PachT97},
  bibsource = {dblp computer science bibliography, http://dblp.org}
}

@article{PachRTT06,
  author    = {J{\'{a}}nos Pach and
               Rados Radoicic and
               G{\'{a}}bor Tardos and
               G{\'{e}}za T{\'{o}}th},
  title     = {Improving the Crossing Lemma by Finding More Crossings in Sparse Graphs},
  journal   = {Discrete {\&} Computational Geometry},
  volume    = {36},
  number    = {4},
  pages     = {527--552},
  year      = {2006},
  url       = {http://dx.doi.org/10.1007/s00454-006-1264-9},
  doi       = {10.1007/s00454-006-1264-9},
  timestamp = {Thu, 08 Feb 2007 13:22:22 +0100},
  biburl    = {http://dblp.uni-trier.de/rec/bib/journals/dcg/PachRTT06},
  bibsource = {dblp computer science bibliography, http://dblp.org}
}

@inproceedings{ABGH12,
  author    = {Christopher Auer and
               Franz{-}Josef Brandenburg and
               Andreas Glei{\ss}ner and
               Kathrin Hanauer},
  editor    = {Walter Didimo and
               Maurizio Patrignani},
  title     = {On Sparse Maximal 2-Planar Graphs},
  booktitle = {GD},
  series    = {LNCS},
  volume    = {7704},
  pages     = {555--556},
  publisher = {Springer},
  year      = {2012},
  url       = {http://dx.doi.org/10.1007/978-3-642-36763-2_50},
  doi       = {10.1007/978-3-642-36763-2_50},
  timestamp = {Mon, 18 Feb 2013 11:04:23 +0100},
  biburl    = {http://dblp.uni-trier.de/rec/bib/conf/gd/AuerBGH12},
  bibsource = {dblp computer science bibliography, http://dblp.org}
}

@inproceedings{BB0R15,
  author    = {Michael A. Bekos and
               Till Bruckdorfer and
               Michael Kaufmann and
               Chrysanthi N. Raftopoulou},
  editor    = {Nikhil Bansal and
               Irene Finocchi},
  title     = {1-Planar Graphs have Constant Book Thickness},
  booktitle = {ESA},
  series    = {LNCS},
  volume    = {9294},
  pages     = {130--141},
  publisher = {Springer},
  year      = {2015},
  url       = {http://dx.doi.org/10.1007/978-3-662-48350-3_12},
  doi       = {10.1007/978-3-662-48350-3_12},
  timestamp = {Wed, 02 Sep 2015 16:09:00 +0200},
  biburl    = {http://dblp.uni-trier.de/rec/bib/conf/esa/BekosB0R15},
  bibsource = {dblp computer science bibliography, http://dblp.org}
}

@inproceedings{BKR16,
  author    = {Michael A. Bekos and
               Michael Kaufmann and
               Chrysanthi N. Raftopoulou},
  title     = {On the density of non-Simple 3-Planar graphs},
  booktitle = {Graph Drawing},
  year      = {2016},
  note      = {Submitted}
}


@article{Borodin95,
  author    = {Oleg V. Borodin},
  title     = {A new proof of the 6 color theorem},
  journal   = {Journal of Graph Theory},
  volume    = {19},
  number    = {4},
  pages     = {507--521},
  year      = {1995},
  url       = {http://dx.doi.org/10.1002/jgt.3190190406},
  doi       = {10.1002/jgt.3190190406},
  timestamp = {Sun, 05 May 2013 15:39:07 +0200},
  biburl    = {http://dblp.uni-trier.de/rec/bib/journals/jgt/Borodin95},
  bibsource = {dblp computer science bibliography, http://dblp.org}
}

@article{GB07,
  author    = {Alexander Grigoriev and
               Hans L. Bodlaender},
  title     = {Algorithms for Graphs Embeddable with Few Crossings per Edge},
  journal   = {Algorithmica},
  volume    = {49},
  number    = {1},
  pages     = {1--11},
  year      = {2007},
  url       = {http://dx.doi.org/10.1007/s00453-007-0010-x},
  doi       = {10.1007/s00453-007-0010-x},
  timestamp = {Tue, 15 Jan 2008 21:48:30 +0100},
  biburl    = {http://dblp.uni-trier.de/rec/bib/journals/algorithmica/GrigorievB07},
  bibsource = {dblp computer science bibliography, http://dblp.org}
}

@article{Tutte63,
  author    = {William T.~Tutte},
  title     = {How to draw a graph},
  journal   = {Proc. London Math. Soc.},
  volume    = {3},
  number    = {13},
  pages     = {743--767},
  year      = {1963}
}

@article{DBLP:journals/corr/Brandenburg16a,
  author    = {Franz J. Brandenburg},
  title     = {Recognizing Optimal 1-Planar Graphs in Linear Time},
  journal   = {CoRR},
  volume    = {abs/1602.08022},
  year      = {2016},
  url       = {http://arxiv.org/abs/1602.08022},
  timestamp = {Tue, 01 Mar 2016 17:47:25 +0100},
  biburl    = {http://dblp.uni-trier.de/rec/bib/journals/corr/Brandenburg16a},
  bibsource = {dblp computer science bibliography, http://dblp.org}
}

@article{DBLP:journals/algorithmica/HongEKLSS15,
  author    = {Seok{-}Hee Hong and
               Peter Eades and
               Naoki Katoh and
               Giuseppe Liotta and
               Pascal Schweitzer and
               Yusuke Suzuki},
  title     = {A Linear-Time Algorithm for Testing Outer-1-Planarity},
  journal   = {Algorithmica},
  volume    = {72},
  number    = {4},
  pages     = {1033--1054},
  year      = {2015},
  url       = {http://dx.doi.org/10.1007/s00453-014-9890-8},
  doi       = {10.1007/s00453-014-9890-8},
  timestamp = {Mon, 22 Jun 2015 10:15:34 +0200},
  biburl    = {http://dblp.uni-trier.de/rec/bib/journals/algorithmica/HongEKLSS15},
  bibsource = {dblp computer science bibliography, http://dblp.org}
}

@article{DBLP:journals/algorithmica/AuerBBGHNR16,
  author    = {Christopher Auer and
               Christian Bachmaier and
               Franz J. Brandenburg and
               Andreas Glei{\ss}ner and
               Kathrin Hanauer and
               Daniel Neuwirth and
               Josef Reislhuber},
  title     = {Outer 1-Planar Graphs},
  journal   = {Algorithmica},
  volume    = {74},
  number    = {4},
  pages     = {1293--1320},
  year      = {2016},
  url       = {http://dx.doi.org/10.1007/s00453-015-0002-1},
  doi       = {10.1007/s00453-015-0002-1},
  timestamp = {Tue, 05 Apr 2016 12:55:21 +0200},
  biburl    = {http://dblp.uni-trier.de/rec/bib/journals/algorithmica/AuerBBGHNR16},
  bibsource = {dblp computer science bibliography, http://dblp.org}
}

@article{DBLP:journals/jgaa/GiacomoLM15,
  author    = {Emilio Di Giacomo and
               Giuseppe Liotta and
               Fabrizio Montecchiani},
  title     = {Drawing Outer 1-planar Graphs with Few Slopes},
  journal   = {J. Graph Algorithms Appl.},
  volume    = {19},
  number    = {2},
  pages     = {707--741},
  year      = {2015},
  url       = {http://dx.doi.org/10.7155/jgaa.00376},
  doi       = {10.7155/jgaa.00376},
  timestamp = {Thu, 03 Dec 2015 11:37:46 +0100},
  biburl    = {http://dblp.uni-trier.de/rec/bib/journals/jgaa/GiacomoLM15},
  bibsource = {dblp computer science bibliography, http://dblp.org}
}


@inproceedings{DBLP:conf/gd/BrandenburgDEKL15,
  author    = {Franz J. Brandenburg and
               Walter Didimo and
               William S. Evans and
               Philipp Kindermann and
               Giuseppe Liotta and
               Fabrizio Montecchiani},
  editor    = {Emilio Di Giacomo and
               Anna Lubiw},
  title     = {Recognizing and Drawing IC-Planar Graphs},
  booktitle = {Graph Drawing},
  series    = {LNCS},
  volume    = {9411},
  pages     = {295--308},
  publisher = {Springer},
  year      = {2015},
  url       = {http://dx.doi.org/10.1007/978-3-319-27261-0_25},
  doi       = {10.1007/978-3-319-27261-0_25},
  timestamp = {Wed, 16 Dec 2015 12:56:13 +0100},
  biburl    = {http://dblp.uni-trier.de/rec/bib/conf/gd/BrandenburgDEKL15},
  bibsource = {dblp computer science bibliography, http://dblp.org}
}



@inproceedings{DBLP:conf/gd/BrandenburgEGGHR12,
  author    = {Franz{-}Josef Brandenburg and
               David Eppstein and
               Andreas Glei{\ss}ner and
               Michael T. Goodrich and
               Kathrin Hanauer and
               Josef Reislhuber},
  editor    = {Walter Didimo and
               Maurizio Patrignani},
  title     = {On the Density of Maximal 1-Planar Graphs},
  booktitle = {Graph Drawing},
  volume    = {7704},
  pages     = {327--338},
  publisher = {Springer},
  year      = {2012},
  url       = {http://dx.doi.org/10.1007/978-3-642-36763-2_29},
  doi       = {10.1007/978-3-642-36763-2_29},
  timestamp = {Mon, 18 Feb 2013 11:04:23 +0100},
  biburl    = {http://dblp.uni-trier.de/rec/bib/conf/gd/BrandenburgEGGHR12},
  bibsource = {dblp computer science bibliography, http://dblp.org}
}

@article{DBLP:journals/siamdm/Suzuki10,
  author    = {Yusuke Suzuki},
  title     = {Re-embeddings of Maximum 1-Planar Graphs},
  journal   = {{SIAM} J. Discrete Math.},
  volume    = {24},
  number    = {4},
  pages     = {1527--1540},
  year      = {2010},
  url       = {http://dx.doi.org/10.1137/090746835},
  doi       = {10.1137/090746835},
  timestamp = {Thu, 10 Feb 2011 08:29:47 +0100},
  biburl    = {http://dblp.uni-trier.de/rec/bib/journals/siamdm/Suzuki10},
  bibsource = {dblp computer science bibliography, http://dblp.org}
}

@article{Ringel65,
  author    = {Gerhard Ringel},
  title     = {Ein Sechsfarbenproblem auf der Kugel},
  journal   = {Abhandlungen aus dem Mathematischen Seminar der Universit√§t Hamburg (in German)},
  volume    = {29},
  pages     = {107--117},
  year      = {1965}
}

@article{BSW84,
  author = {Bodendiek, R. and Schumacher, H. and Wagner, K.},
  title = {{\"U}ber 1-optimale Graphen},
  journal = {Mathematische Nachrichten},
  volume = {117},
  number = {1},
  publisher = {WILEY-VCH Verlag},
  issn = {1522-2616},
  pages = {323--339},
  year = {1984},
}

@book{Diestel12,
  author    = {Reinhard Diestel},
  title     = {Graph Theory, 4th Edition},
  series    = {Graduate texts in mathematics},
  volume    = {173},
  publisher = {Springer},
  year      = {2012},
  isbn      = {978-3-642-14278-9},
  timestamp = {Mon, 04 Mar 2013 20:55:42 +0100},
  biburl    = {http://dblp.uni-trier.de/rec/bib/books/daglib/0030488},
  bibsource = {dblp computer science bibliography, http://dblp.org}
}

@book{Harary91,
  author    = {Frank Harary},
  title     = {Graph theory},
  publisher = {Addison-Wesley},
  year      = {1991},
  isbn      = {978-0-201-02787-7},
  timestamp = {Tue, 19 Apr 2011 17:04:46 +0200},
  biburl    = {http://dblp.uni-trier.de/rec/bib/books/daglib/0070576},
  bibsource = {dblp computer science bibliography, http://dblp.org}
}

@article{DEGLST07,
  author    = {Alice M. Dean and
               William S. Evans and
               Ellen Gethner and
               Joshua D. Laison and
               Mohammad Ali Safari and
               William T. Trotter},
  title     = {Bar k-Visibility Graphs},
  journal   = {J. Graph Algorithms Appl.},
  volume    = {11},
  number    = {1},
  pages     = {45--59},
  year      = {2007},
  url       = {http://jgaa.info/accepted/2007/Dean+2007.11.1.pdf},
  timestamp = {Fri, 15 Nov 2013 08:39:59 +0100},
  biburl    = {http://dblp.uni-trier.de/rec/bib/journals/jgaa/DeanEGLST07},
  bibsource = {dblp computer science bibliography, http://dblp.org}
}

@article{Brandenburg14,
  author    = {Franz J. Brandenburg},
  title     = {1-Visibility Representations of 1-Planar Graphs},
  journal   = {J. Graph Algorithms Appl.},
  volume    = {18},
  number    = {3},
  pages     = {421--438},
  year      = {2014},
  url       = {http://dx.doi.org/10.7155/jgaa.00330},
  doi       = {10.7155/jgaa.00330},
  timestamp = {Thu, 20 Nov 2014 17:40:45 +0100},
  biburl    = {http://dblp.uni-trier.de/rec/bib/journals/jgaa/Brandenburg14},
  bibsource = {dblp computer science bibliography, http://dblp.org}
}

@inproceedings{HN15,
  author = {Seok-Hee Hong and Hiroshi Nagamochi},
  title = {Testing Full Outer-2-Planarity in Linear Time},
  series    = {LNCS},
  editor    = {Ernst Mayr},
  booktitle = {WG},
  year      = {2015},
  note = {to appear},
}


@inproceedings{BEGGHR12,
  author    = {Franz{-}Josef Brandenburg and
               David Eppstein and
               Andreas Glei{\ss}ner and
               Michael T. Goodrich and
               Kathrin Hanauer and
               Josef Reislhuber},
  editor    = {Walter Didimo and
               Maurizio Patrignani},
  title     = {On the Density of Maximal 1-Planar Graphs},
  booktitle = {GD},
  series    = {LNCS},
  volume    = {7704},
  pages     = {327--338},
  publisher = {Springer},
  year      = {2012},
  url       = {http://dx.doi.org/10.1007/978-3-642-36763-2_29},
  doi       = {10.1007/978-3-642-36763-2_29},
  timestamp = {Mon, 18 Feb 2013 11:04:23 +0100},
  biburl    = {http://dblp.uni-trier.de/rec/bib/conf/gd/BrandenburgEGGHR12},
  bibsource = {dblp computer science bibliography, http://dblp.org}
}

@article{KU14,
  author    = {Michael Kaufmann and
               Torsten Ueckerdt},
  title     = {The Density of Fan-Planar Graphs},
  journal   = {CoRR},
  volume    = {abs/1403.6184},
  year      = {2014},
  url       = {http://arxiv.org/abs/1403.6184},
  timestamp = {Wed, 10 Dec 2014 15:25:31 +0100},
  biburl    = {http://dblp.uni-trier.de/rec/bib/journals/corr/KaufmannU14},
  bibsource = {dblp computer science bibliography, http://dblp.org}
}

@inproceedings{DBLP:conf/gd/BinucciCDGKKMT15,
  author    = {Carla Binucci and
               Markus Chimani and
               Walter Didimo and
               Martin Gronemann and
               Karsten Klein and
               Jan Kratochv{\'{\i}}l and
               Fabrizio Montecchiani and
               Ioannis G. Tollis},
  editor    = {Emilio Di Giacomo and
               Anna Lubiw},
  title     = {2-Layer Fan-Planarity: From Caterpillar to Stegosaurus},
  booktitle = {Graph Drawing},
  series    = {LNCS},
  volume    = {9411},
  pages     = {281--294},
  publisher = {Springer},
  year      = {2015},
  url       = {http://dx.doi.org/10.1007/978-3-319-27261-0_24},
  doi       = {10.1007/978-3-319-27261-0_24},
  timestamp = {Wed, 16 Dec 2015 12:56:13 +0100},
  biburl    = {http://dblp.uni-trier.de/rec/bib/conf/gd/BinucciCDGKKMT15},
  bibsource = {dblp computer science bibliography, http://dblp.org}
}

@article{DBLP:journals/tcs/BinucciGDMPST15,
  author    = {Carla Binucci and
               Emilio Di Giacomo and
               Walter Didimo and
               Fabrizio Montecchiani and
               Maurizio Patrignani and
               Antonios Symvonis and
               Ioannis G. Tollis},
  title     = {Fan-planarity: Properties and complexity},
  journal   = {Theor. Comput. Sci.},
  volume    = {589},
  pages     = {76--86},
  year      = {2015},
  url       = {http://dx.doi.org/10.1016/j.tcs.2015.04.020},
  doi       = {10.1016/j.tcs.2015.04.020},
  timestamp = {Mon, 08 Jun 2015 09:36:03 +0200},
  biburl    = {http://dblp.uni-trier.de/rec/bib/journals/tcs/BinucciGDMPST15},
  bibsource = {dblp computer science bibliography, http://dblp.org}
}


@inproceedings{DBLP:conf/gd/BekosCGHK14,
  author    = {Michael A. Bekos and
               Sabine Cornelsen and
               Luca Grilli and
               Seok{-}Hee Hong and
               Michael Kaufmann},
  editor    = {Christian A. Duncan and
               Antonios Symvonis},
  title     = {On the Recognition of Fan-Planar and Maximal Outer-Fan-Planar Graphs},
  booktitle = {Graph Drawing},
  series    = {LNCS},
  volume    = {8871},
  pages     = {198--209},
  publisher = {Springer},
  year      = {2014},
  url       = {http://dx.doi.org/10.1007/978-3-662-45803-7_17},
  doi       = {10.1007/978-3-662-45803-7_17},
  timestamp = {Wed, 10 Dec 2014 15:25:30 +0100},
  biburl    = {http://dblp.uni-trier.de/rec/bib/conf/gd/BekosCGHK14},
  bibsource = {dblp computer science bibliography, http://dblp.org}
}

@inproceedings{CHKK13,
  author    = {Otfried Cheong and
               Sariel Har{-}Peled and
               Heuna Kim and
               Hyo{-}Sil Kim},
  editor    = {Leizhen Cai and
               Siu{-}Wing Cheng and
               Tak Wah Lam},
  title     = {On the Number of Edges of Fan-Crossing Free Graphs},
  booktitle = {ISSAC},
  series    = {LNCS},
  volume    = {8283},
  pages     = {163--173},
  publisher = {Springer},
  year      = {2013},
  url       = {http://dx.doi.org/10.1007/978-3-642-45030-3_16},
  doi       = {10.1007/978-3-642-45030-3_16},
  timestamp = {Sat, 28 Dec 2013 13:35:16 +0100},
  biburl    = {http://dblp.uni-trier.de/rec/bib/conf/isaac/CheongHKK13},
  bibsource = {dblp computer science bibliography, http://dblp.org}
}

@article{DEL11,
  author    = {Walter Didimo and
               Peter Eades and
               Giuseppe Liotta},
  title     = {Drawing graphs with right angle crossings},
  journal   = {Theor. Comput. Sci.},
  volume    = {412},
  number    = {39},
  pages     = {5156--5166},
  year      = {2011},
  url       = {http://dx.doi.org/10.1016/j.tcs.2011.05.025},
  doi       = {10.1016/j.tcs.2011.05.025},
  timestamp = {Wed, 24 Aug 2011 21:44:34 +0200},
  biburl    = {http://dblp.uni-trier.de/rec/bib/journals/tcs/DidimoEL11},
  bibsource = {dblp computer science bibliography, http://dblp.org}
}

@article{AAPPS97,
  author    = {Pankaj K. Agarwal and
               Boris Aronov and
               J{\'{a}}nos Pach and
               Richard Pollack and
               Micha Sharir},
  title     = {Quasi-Planar Graphs Have a Linear Number of Edges},
  journal   = {Combinatorica},
  volume    = {17},
  number    = {1},
  pages     = {1--9},
  year      = {1997},
  url       = {http://dx.doi.org/10.1007/BF01196127},
  doi       = {10.1007/BF01196127},
  timestamp = {Fri, 20 May 2011 14:40:13 +0200},
  biburl    = {http://dblp.uni-trier.de/rec/bib/journals/combinatorica/AgarwalAPPS97},
  bibsource = {dblp computer science bibliography, http://dblp.org}
}

@article{DBLP:journals/comgeo/SukW15,
  author    = {Andrew Suk and
               Bartosz Walczak},
  title     = {New bounds on the maximum number of edges in k-quasi-planar graphs},
  journal   = {Comput. Geom.},
  volume    = {50},
  pages     = {24--33},
  year      = {2015},
  url       = {http://dx.doi.org/10.1016/j.comgeo.2015.06.001},
  doi       = {10.1016/j.comgeo.2015.06.001},
  timestamp = {Sat, 31 Oct 2015 14:10:55 +0100},
  biburl    = {http://dblp.uni-trier.de/rec/bib/journals/comgeo/SukW15},
  bibsource = {dblp computer science bibliography, http://dblp.org}
}

@inproceedings{DBLP:conf/gd/Suk11,
  author    = {Andrew Suk},
  editor    = {Marc J. van Kreveld and
               Bettina Speckmann},
  title     = {k-Quasi-Planar Graphs},
  booktitle = {Graph Drawing},
  volume    = {7034},
  pages     = {266--277},
  publisher = {Springer},
  year      = {2011},
  url       = {http://dx.doi.org/10.1007/978-3-642-25878-7_26},
  doi       = {10.1007/978-3-642-25878-7_26},
  timestamp = {Thu, 15 Dec 2011 16:33:30 +0100},
  biburl    = {http://dblp.uni-trier.de/rec/bib/conf/gd/Suk11},
  bibsource = {dblp computer science bibliography, http://dblp.org}
}

@article{DBLP:journals/cj/GiacomoDLMW15,
  author    = {Emilio Di Giacomo and
               Walter Didimo and
               Giuseppe Liotta and
               Henk Meijer and
               Stephen K. Wismath},
  title     = {Planar and Quasi-Planar Simultaneous Geometric Embedding},
  journal   = {Comput. J.},
  volume    = {58},
  number    = {11},
  pages     = {3126--3140},
  year      = {2015},
  url       = {http://dx.doi.org/10.1093/comjnl/bxv048},
  doi       = {10.1093/comjnl/bxv048},
  timestamp = {Tue, 08 Dec 2015 10:44:51 +0100}
}

@article{DBLP:journals/corr/Ackerman15,
  author    = {Eyal Ackerman},
  title     = {On topological graphs with at most four crossings per edge},
  journal   = {CoRR},
  volume    = {abs/1509.01932},
  year      = {2015},
  url       = {http://arxiv.org/abs/1509.01932},
  timestamp = {Thu, 01 Oct 2015 14:28:48 +0200},
  biburl    = {http://dblp.uni-trier.de/rec/bib/journals/corr/Ackerman15},
  bibsource = {dblp computer science bibliography, http://dblp.org}
}

@article{Tamassia87,
  author    = {Roberto Tamassia},
  title     = {On Embedding a Graph in the Grid with the Minimum Number of Bends},
  journal   = {{SIAM} J. Comput.},
  volume    = {16},
  number    = {3},
  pages     = {421--444},
  year      = {1987},
  url       = {http://dx.doi.org/10.1137/0216030},
  doi       = {10.1137/0216030},
  timestamp = {Mon, 12 Sep 2011 16:10:09 +0200},
  biburl    = {http://dblp.uni-trier.de/rec/bib/journals/siamcomp/Tamassia87},
  bibsource = {dblp computer science bibliography, http://dblp.org}
}


@article{FPP90,
  author    = {Hubert de Fraysseix and
               J{\'{a}}nos Pach and
               Richard Pollack},
  title     = {How to draw a planar graph on a grid},
  journal   = {Combinatorica},
  volume    = {10},
  number    = {1},
  pages     = {41--51},
  year      = {1990},
  url       = {http://dx.doi.org/10.1007/BF02122694},
  doi       = {10.1007/BF02122694},
  timestamp = {Fri, 20 May 2011 14:40:01 +0200},
  biburl    = {http://dblp.uni-trier.de/rec/bib/journals/combinatorica/FraysseixPP90},
  bibsource = {dblp computer science bibliography, http://dblp.org}
}

@book{BETT99,
  author    = {Giuseppe {Di Battista} and
               Peter Eades and
               Roberto Tamassia and
               Ioannis G. Tollis},
  title     = {Graph Drawing: Algorithms for the Visualization of Graphs},
  publisher = {Prentice-Hall},
  year      = {1999},
  isbn      = {0-13-301615-3},
  timestamp = {Mon, 11 Feb 2002 10:11:43 +0100},
  biburl    = {http://dblp.uni-trier.de/rec/bib/books/ph/BattistaETT99},
  bibsource = {dblp computer science bibliography, http://dblp.org}
}

@incollection{NR13,
  author    = {Takao Nishizeki and
               Md. Saidur Rahman},
  editor    = {Roberto Tamassia},
  title     = {Rectangular Drawing Algorithms},
  booktitle = {Handbook on Graph Drawing and Visualization.},
  pages     = {317--348},
  publisher = {Chapman and Hall/CRC},
  year      = {2013},
  timestamp = {Sun, 17 Jan 2016 19:21:40 +0100},
  biburl    = {http://dblp.uni-trier.de/rec/bib/reference/crc/Nishizeki013},
  bibsource = {dblp computer science bibliography, http://dblp.org}
}

@proceedings{KW1999,
  editor    = {Michael Kaufmann and
               Dorothea Wagner},
  title     = {Drawing Graphs, Methods and Models},
  series    = {LNCS},
  volume    = {2025},
  publisher = {Springer},
  year      = {2001},
  isbn      = {3-540-42062-2},
  timestamp = {Wed, 10 Dec 2014 15:25:29 +0100},
  biburl    = {http://dblp.uni-trier.de/rec/bib/conf/dagstuhl/1999dg},
  bibsource = {dblp computer science bibliography, http://dblp.org}
}


@article{BekosG0015,
  author    = {Michael A. Bekos and
               Martin Gronemann and
               Michael Kaufmann and
               Robert Krug},
  title     = {Planar Octilinear Drawings with One Bend Per Edge},
  journal   = {J. Graph Algorithms Appl.},
  volume    = {19},
  number    = {2},
  pages     = {657--680},
  year      = {2015},
  url       = {http://dx.doi.org/10.7155/jgaa.00369},
  doi       = {10.7155/jgaa.00369},
  timestamp = {Thu, 03 Dec 2015 11:37:46 +0100},
  biburl    = {http://dblp.uni-trier.de/rec/bib/journals/jgaa/BekosG0015},
  bibsource = {dblp computer science bibliography, http://dblp.org}
}

@incollection{ACNS82,
  author    = {Ajtai, M. and
               Chv√°tal, V. and
               Newborn, M. and
               Szemer√©di, E.},
  title     = {Crossing-free subgraphs},
  booktitle = {Theory and Practice of Combinatorics},
  pages     = {9--12},
  publisher = {North-Holland Mathematics Studies},
  year      = {1982},
  timestamp = {Sun, 17 Jan 2016 19:21:40 +0100},
  biburl    = {http://dblp.uni-trier.de/rec/bib/reference/crc/Nishizeki013},
  bibsource = {dblp computer science bibliography, http://dblp.org}
}

@article{DBLP:journals/corr/SawhneyW16,
  author    = {Mehtaab Sawhney and
               Jonathan Weed},
  title     = {Further results on arc and bar k-visibility graphs},
  journal   = {CoRR},
  volume    = {abs/1601.01231},
  year      = {2016},
  url       = {http://arxiv.org/abs/1601.01231},
  timestamp = {Mon, 01 Feb 2016 15:36:05 +0100},
  biburl    = {http://dblp.uni-trier.de/rec/bib/journals/corr/SawhneyW16},
  bibsource = {dblp computer science bibliography, http://dblp.org}
}

@article{DBLP:journals/dm/GenesonKT14,
  author    = {Jesse Geneson and
               Tanya Khovanova and
               Jonathan Tidor},
  title     = {Convex geometric (k+2)-quasiplanar representations of semi-bar k-visibility
               graphs},
  journal   = {Discrete Mathematics},
  volume    = {331},
  pages     = {83--88},
  year      = {2014},
  url       = {http://dx.doi.org/10.1016/j.disc.2014.05.001},
  doi       = {10.1016/j.disc.2014.05.001},
  timestamp = {Tue, 14 Oct 2014 08:57:35 +0200},
  biburl    = {http://dblp.uni-trier.de/rec/bib/journals/dm/GenesonKT14},
  bibsource = {dblp computer science bibliography, http://dblp.org}
}

@inproceedings{DBLP:conf/icaa/SultanaRRT14,
  author    = {Shaheena Sultana and
               Md. Saidur Rahman and
               Arpita Roy and
               Suraiya Tairin},
  editor    = {Prosenjit Gupta and
               Christos D. Zaroliagis},
  title     = {Bar 1-Visibility Drawings of 1-Planar Graphs},
  booktitle = {Applied Algorithms},
  series    = {LNCS},
  volume    = {8321},
  pages     = {62--76},
  publisher = {Springer},
  year      = {2014},
  url       = {http://dx.doi.org/10.1007/978-3-319-04126-1_6},
  doi       = {10.1007/978-3-319-04126-1_6},
  timestamp = {Wed, 22 Jan 2014 07:45:13 +0100},
  biburl    = {http://dblp.uni-trier.de/rec/bib/conf/icaa/SultanaRRT14},
  bibsource = {dblp computer science bibliography, http://dblp.org}
}


@article{DBLP:journals/jgaa/Evans0LMW14,
  author    = {William S. Evans and
               Michael Kaufmann and
               William Lenhart and
               Tamara Mchedlidze and
               Stephen K. Wismath},
  title     = {Bar 1-Visibility Graphs vs. other Nearly Planar Graphs},
  journal   = {J. Graph Algorithms Appl.},
  volume    = {18},
  number    = {5},
  pages     = {721--739},
  year      = {2014},
  url       = {http://dx.doi.org/10.7155/jgaa.00343},
  doi       = {10.7155/jgaa.00343},
  timestamp = {Mon, 02 Mar 2015 16:54:30 +0100},
  biburl    = {http://dblp.uni-trier.de/rec/bib/journals/jgaa/Evans0LMW14},
  bibsource = {dblp computer science bibliography, http://dblp.org}
}



@inproceedings{DBLP:conf/walcom/BrandenburgEN16,
  author    = {Franz J. Brandenburg and
               Alexander Esch and
               Daniel Neuwirth},
  editor    = {Mohammad Kaykobad and
               Rossella Petreschi},
  title     = {On Aligned Bar 1-Visibility Graphs},
  booktitle = {{WALCOM:} Algorithms and Computation - 10th International Workshop,
               {WALCOM} 2016, Kathmandu, Nepal, March 29-31, 2016, Proceedings},
  series    = {Lecture Notes in Computer Science},
  volume    = {9627},
  pages     = {95--106},
  publisher = {Springer},
  year      = {2016},
  url       = {http://dx.doi.org/10.1007/978-3-319-30139-6_8},
  doi       = {10.1007/978-3-319-30139-6_8},
  timestamp = {Tue, 08 Mar 2016 12:24:32 +0100},
  biburl    = {http://dblp.uni-trier.de/rec/bib/conf/walcom/BrandenburgEN16},
  bibsource = {dblp computer science bibliography, http://dblp.org}
}

@article{DBLP:journals/tcs/DidimoEL11,
  author    = {Walter Didimo and
               Peter Eades and
               Giuseppe Liotta},
  title     = {Drawing graphs with right angle crossings},
  journal   = {Theor. Comput. Sci.},
  volume    = {412},
  number    = {39},
  year      = {2011},
  pages     = {5156-5166}
}

@article{DBLP:journals/algorithmica/CheongHKK15,
  author    = {Otfried Cheong and
               Sariel Har{-}Peled and
               Heuna Kim and
               Hyo{-}Sil Kim},
  title     = {On the Number of Edges of Fan-Crossing Free Graphs},
  journal   = {Algorithmica},
  volume    = {73},
  number    = {4},
  pages     = {673--695},
  year      = {2015},
  url       = {http://dx.doi.org/10.1007/s00453-014-9935-z},
  doi       = {10.1007/s00453-014-9935-z},
  timestamp = {Thu, 17 Dec 2015 14:47:41 +0100},
  biburl    = {http://dblp.uni-trier.de/rec/bib/journals/algorithmica/CheongHKK15},
  bibsource = {dblp computer science bibliography, http://dblp.org}
}

@article{DBLP:journals/jgaa/ArgyriouBS12,
  author    = {Evmorfia N. Argyriou and
               Michael A. Bekos and
               Antonios Symvonis},
  title     = {The Straight-Line {RAC} Drawing Problem is NP-Hard},
  journal   = {J. Graph Algorithms Appl.},
  volume    = {16},
  number    = {2},
  year      = {2012},
  pages     = {569-597},
  ee        = {http://dx.doi.org/10.7155/jgaa.00274},
  bibsource = {DBLP, http://dblp.uni-trier.de}
}

@book{Lei83,
  author    = {Leighton, T.},
  title     = {Complexity Issues in VLSI. Foundations of Computing Series.},
  publisher = {Cambridge, MA: MIT Press.},
  year      = {1983}
}

  

@article{DGMW11,
  author    = {Vida Dujmovic and
               Joachim Gudmundsson and
               Pat Morin and
               Thomas Wolle},
  title     = {Notes on Large Angle Crossing Graphs},
  journal   = {Chicago J. Theor. Comput. Sci.},
  volume    = {2011},
  year      = {2011},
  url       = {http://cjtcs.cs.uchicago.edu/articles/CATS2010/4/contents.html},
  timestamp = {Mon, 23 Jan 2012 11:31:27 +0100},
  biburl    = {http://dblp.uni-trier.de/rec/bib/journals/cjtcs/DujmovicGMW11},
  bibsource = {dblp computer science bibliography, http://dblp.org}
}
